@Book{ schneider:informatik,
	author = "Uwe Schneider and Dieter Werner",
	title = "Taschenbuch der Informatik",
	publisher = "Fachbuchverlag Leipzig (Hanser Verlag)",
	year = "2001",
	ISBN = "3-446-21743-3"
}

@MISC{ DFG2019, 
    title   = {Leitlinien zur {S}icherung guter wissenschaftlicher {P}raxis},
    author  = {{Deutsche Forschungsgemeinschaft}},
    year    = {2019},
    address = {Bonn},
    howpublished = {\url{https://www.dfg.de/foerderung/grundlagen_rahmenbedingungen/gwp/}},
    note = {zuletzt abgerufen am 1.7.2020}
}    
    
@MISC{ TUM2019, 
    title   = {{TUM}-{Z}itierleitfaden},
    author  = {{Technische Universit\"at M\"unchen}},
    year    = {2019},
    address = {M\"unchen},
    howpublished = {\url{http://mediatum.ub.tum.de/1231945}},
    note = {zuletzt abgerufen am 1.7.2020}
}    
